<?xml version="1.0" encoding="UTF-8"?><collection xmlns="http://www.loc.gov/MARC21/slim"><record><leader>00548nam--2200193-u-4500</leader><controlfield tag="001">000052162</controlfield><controlfield tag="002">20161230</controlfield><controlfield tag="005">20161230201049</controlfield><controlfield tag="008">091102s1000------------r-----000-0-eng-d</controlfield><datafield ind1=" " ind2=" " tag="040"><subfield code="a">IFIN-HH</subfield></datafield><datafield ind1=" " ind2=" " tag="080"><subfield code="a">533.95</subfield></datafield><datafield ind1="1" ind2=" " tag="100"><subfield code="a">Basov,N.G.(red.)</subfield></datafield><datafield ind1="1" ind2=" " tag="245"><subfield code="a">Teoriya Nagreva i Szhatiya Niskoentropiinykh Termoyadernykh Mishenei</subfield></datafield><datafield ind1=" " ind2=" " tag="260"><subfield code="a">Moskva</subfield><subfield code="b">Nauka</subfield><subfield code="c">1982</subfield></datafield><datafield ind1=" " ind2=" " tag="300"><subfield code="a">184 p</subfield></datafield><datafield ind1=" " ind2=" " tag="490"><subfield code="a">Trudy Ordena Lenina Fizicheskogo Instituta im.P.N.Lebedeva</subfield><subfield code="v">Tom 134</subfield></datafield><datafield ind1="1" ind2=" " tag="700"><subfield code="a">P.N.Lebedeva</subfield></datafield><datafield ind1=" " ind2=" " tag="852"><subfield code="a">6456</subfield><subfield code="c">53</subfield></datafield><datafield ind1=" " ind2=" " tag="CAT"><subfield code="a">Sys</subfield><subfield code="c">20091102</subfield><subfield code="h">101804</subfield></datafield></record></collection>